<?xml version="1.0" encoding="UTF-8"?><collection xmlns="http://www.loc.gov/MARC21/slim"><record><leader>00337nam--2200121-i-4500</leader><controlfield tag="001">000009259</controlfield><controlfield tag="002">20161230</controlfield><controlfield tag="005">20161230201028</controlfield><controlfield tag="008">060222s1000------------r-----000-0-eng-d</controlfield><datafield ind1=" " ind2=" " tag="080"><subfield code="a">061.6</subfield></datafield><datafield ind1=" " ind2=" " tag="245"><subfield code="a">C.e.n.-f.a.r.centre d etude nucleaires de fontenay ayx roses</subfield></datafield><datafield ind1=" " ind2=" " tag="260"><subfield code="a">Paris,Commissariat A L Energie Atomique,F.An. 46p</subfield></datafield><datafield ind1=" " ind2=" " tag="852"><subfield code="a">32.740</subfield></datafield></record></collection>